@article{GW170817,
  title={GW170817: Observation of Gravitational Waves from a Binary Neutron Star Inspiral},
  journal={Phys. Rev. Lett.},
  year={2017}
}
